<record><leader>00000cas a22000007a 4500</leader><controlfield tag="001">18501861</controlfield><controlfield tag="008">880919d18901919aruwr ne      0    0eng d</controlfield><datafield ind1=" " ind2=" " tag="010"><subfield code="a">sn 88051083 </subfield></datafield><datafield ind1=" " ind2=" " tag="040"><subfield code="a">ANU</subfield><subfield code="b">eng</subfield><subfield code="c">ANU</subfield><subfield code="d">OCLCQ</subfield></datafield><datafield ind1=" " ind2=" " tag="042"><subfield code="a">msc</subfield></datafield><datafield ind1="0" ind2=" " tag="130"><subfield code="a">Huntsville Republican (Huntsville, Ark.)</subfield></datafield><datafield ind1="1" ind2="4" tag="245"><subfield code="a">The Huntsville Republican.</subfield></datafield><datafield ind1=" " ind2=" " tag="260"><subfield code="a">Huntsville, Ark. :</subfield><subfield code="b">Brooks &amp; Williams</subfield></datafield><datafield ind1=" " ind2=" " tag="300"><subfield code="a">v.</subfield></datafield><datafield ind1=" " ind2=" " tag="310"><subfield code="a">Weekly</subfield></datafield><datafield ind1="0" ind2=" " tag="362"><subfield code="a">Apr. 10, 1890-</subfield></datafield><datafield ind1="1" ind2=" " tag="362"><subfield code="a">Ceased in 1919.</subfield></datafield><datafield ind1=" " ind2=" " tag="752"><subfield code="a">United States</subfield><subfield code="b">Arkansas</subfield><subfield code="c">Madison</subfield><subfield code="d">Huntsville.</subfield></datafield><datafield ind1="0" ind2="0" tag="780"><subfield code="t">St. Paul Republican</subfield><subfield code="w">(DLC)sn 88051082</subfield></datafield><datafield ind1="0" ind2="7" tag="785"><subfield code="t">Madison County Democrat (Huntsville, Ark. : 1885)</subfield><subfield code="w">(DLC)sn 88051084</subfield></datafield><datafield ind1="0" ind2="7" tag="785"><subfield code="t">Madison County record (Huntsville, Ark. : 1919)</subfield><subfield code="w">(DLC)sn 88051085</subfield></datafield></record>